@misc{SAM-Overview,
	author = "Sebastian Lubos and Alexander Felfernig and Markus Tautschnig",
	title = "An overview of video recommender systems: state-of-the-art and research issues",
	howpublished = "\url{https://www.frontiersin.org/journals/big-data/articles/10.3389/fdata.2023.1281614/full}",
}

@misc{HLEDYJ-DeepLearning,
	author = "Harald Steck and Linas Baltrunas and Ehtsham Elahi and Dawen Liang and Yves Raimond and Justin Basilico",
	title = "Deep learning for recommender systems: A Netflix case study",
	howpublished = "\url{https://onlinelibrary.wiley.com/doi/10.1609/aimag.v42i3.18140}",
}

@misc{CN-RecSystem,
	author = "Carlos A Gómez-Uribe and Neil Hunt",
	title = "The Netflix Recommender System: Algorithms, Business Value, and Innovation",
	howpublished = "\url{https://dl.acm.org/doi/10.1145/2843948}",
}

@misc{SNRJ-Movie,
	author = "Sambandam Jayalakshmi and Narayanan Ganesh and Robert Čep and Janakiraman Senthil Murugan",
	title = "Movie Recommender Systems: Concepts, Methods, Challenges, and Future Directions",
	howpublished = "\url{https://www.mdpi.com/1424-8220/22/13/4904}",
}

@misc{PKSAA-Summarization,
	author = "Parul Saini and Krishan Kuma and Shamal Kashid and Ashray Saini and Alok Negi ",
	title = "Video summarization using deep learning techniques: a detailed analysis and investigation",
	howpublished = "\url{https://link.springer.com/article/10.1007/s10462-023-10444-0}",
}

@misc{NMY-Reinforcement,
	author = "Naima Souane and Malika Bourenane and Yassine Douga ",
	title = "Deep Reinforcement Learning-Based Approach for Video Streaming: Dynamic Adaptive Video Streaming over HTTP",
	howpublished = "\url{https://www.mdpi.com/2076-3417/13/21/11697}",
}

@misc{RSN-Network,
	author = "Royson Lee and Stylianos I. Venieris, Nicholas D. LaneAuthors",
	title = "Deep Neural Network–based Enhancement for Image and Video Streaming Systems: A Survey and Future Directions",
	howpublished = "\url{https://dl.acm.org/doi/10.1145/3469094}",
}

@misc{YY-Multimodal,
	author = "Yongheng Mu and Yun Wu",
	title = "Multimodal Movie Recommendation System Using Deep Learning",
	howpublished = "\url{https://www.mdpi.com/2227-7390/11/4/895}",
}

@misc{CMF-Hybrid,
	author = "Cach N. Dang and María N. Moreno-García and Fernando De la Prieta",
	title = "Using Hybrid Deep Learning Models of Sentiment Analysis and Item Genres in Recommender Systems for Streaming Services",
	howpublished = "\url{https://www.mdpi.com/2079-9292/10/20/2459}",
}

@misc{PHPAH-NLP,
	author = "Prof. Kapil Hande and Hrushi Karlekar and Pranit Yeole and Aditya Likhar and Himanshu Rangari",
	title = "NLP based Video Summarisation using Machine Learning",
	howpublished = "\url{https://www.researchgate.net/publication/370509071_NLP_based_Video_Summarisation_using_Machine_Learning}",
}

@misc{SSSDD-Integration,
	author = "Sony Peng and Sophort Siet and Sadriddinov Ilkhomjon and Dae-Young Kim and Doo-Soon Park",
	title = "Integration of Deep Reinforcement Learning with Collaborative Filtering for Movie Recommendation Systems",
	howpublished = "\url{https://www.mdpi.com/2076-3417/14/3/1155}",
}